@article{teodoro2014region,
	title={Region templates: Data representation and management for high-throughput image analysis},
	author={Teodoro, George and Pan, Tony and Kurc, Tahsin and Kong, Jun and Cooper, Lee and Klasky, Scott and Saltz, Joel},
	journal={Parallel computing},
	volume={40},
	number={10},
	pages={589--610},
	year={2014},
	publisher={Elsevier}
}

@article{gupta2005clarifying,
	title={Clarifying the diffuse gliomas},
	author={Gupta, Meenakshi and Djalilvand, Azita and Brat, Daniel J},
	journal={American journal of clinical pathology},
	volume={124},
	number={5},
	pages={755--768},
	year={2005},
	publisher={The Oxford University Press}
}

@inproceedings{kong2011comprehensive,
	title={A comprehensive framework for classification of nuclei in digital microscopy imaging: An application to diffuse gliomas},
	author={Kong, Jun and Cooper, Lee and Wang, Fusheng and Chisolm, Candace and Moreno, Carlos and Kurc, Tahsin and Widener, Patrick and Brat, Daniel and Saltz, Joel},
	booktitle={2011 IEEE International Symposium on Biomedical Imaging: From Nano to Macro},
	pages={2128--2131},
	year={2011},
	organization={IEEE}
}

@inproceedings{kong2010texture,
	title={Texture based image recognition in microscopy images of diffuse gliomas with multi-class gentle boosting mechanism},
	author={Kong, Jun and Cooper, Lee and Sharma, Ashish and Kurc, Tahsin and Brat, Daniel J and Saltz, Joel H},
	booktitle={2010 IEEE International Conference on Acoustics, Speech and Signal Processing},
	pages={457--460},
	year={2010},
	organization={IEEE}
}

@article{mclendon2008comprehensive,
	title={Comprehensive genomic characterization defines human glioblastoma genes and core pathways},
	author={McLendon, Roger and Friedman, Allan and Bigner, Darrell and Van Meir, Erwin G and Brat, Daniel J and Mastrogianakis, Gena M and Olson, Jeffrey J and Mikkelsen, Tom and Lehman, Norman and Aldape, Ken and others},
	journal={Nature},
	volume={455},
	number={7216},
	pages={1061--1068},
	year={2008},
	publisher={Nature Publishing Group}
}

@inproceedings{cooper2011morphological,
	title={Morphological signatures and genomic correlates in glioblastoma},
	author={Cooper, Lee AD and Kong, Jun and Wang, Fusheng and Kurc, Tahsin and Moreno, Carlos S and Brat, Daniel J and Saltz, Joel H},
	booktitle={2011 IEEE International Symposium on Biomedical Imaging: From Nano to Macro},
	pages={1624--1627},
	year={2011},
	organization={IEEE}
}


@article{morris1991factorial,
	title={Factorial sampling plans for preliminary computational experiments},
	author={Morris, Max D},
	journal={Technometrics},
	volume={33},
	number={2},
	pages={161--174},
	year={1991},
	publisher={Taylor \& Francis}
}

@article{campolongo2007effective,
	title={An effective screening design for sensitivity analysis of large models},
	author={Campolongo, Francesca and Cariboni, Jessica and Saltelli, Andrea},
	journal={Environmental modelling \& software},
	volume={22},
	number={10},
	pages={1509--1518},
	year={2007},
	publisher={Elsevier}
}

@article{weirs2012sensitivity,
	title={Sensitivity analysis techniques applied to a system of hyperbolic conservation laws},
	author={Weirs, V Gregory and Kamm, James R and Swiler, Laura P and Tarantola, Stefano and Ratto, Marco and Adams, Brian M and Rider, William J and Eldred, Michael S},
	journal={Reliability Engineering \& System Safety},
	volume={107},
	pages={157--170},
	year={2012},
	publisher={Elsevier}
}

@article{sobol2001global,
	title={Global sensitivity indices for nonlinear mathematical models and their Monte Carlo estimates},
	author={Sobol, Ilya M},
	journal={Mathematics and computers in simulation},
	volume={55},
	number={1},
	pages={271--280},
	year={2001},
	publisher={Elsevier}
}

@article{globalsensitibity,
	title={Efficient Algorithm Sensitivity Analysis with Parameter Tuning on Large Imaging Datasets},
	author={Teodoro, George and Kurc, Tahsin and Rabelo, Lu√≠s and Melo, Alba C. M. A. and Kong, Jun and Gao, Yi  and Saltz,Joel},
	journal={IPDPS, 2016},
	year={submitted},
}

@article{torsney2011tuner,
	title={Tuner: Principled parameter finding for image segmentation algorithms using visual response surface exploration},
	author={Torsney-Weir, Thomas and Saad, Ahmed and Moller, Torsten and Hege, Hans-Christian and Weber, Britta and Verbavatz, Jean-Marc and Bergner, Steven},
	journal={IEEE Transactions on Visualization and Computer Graphics},
	volume={17},
	number={12},
	pages={1892--1901},
	year={2011},
	publisher={IEEE}
}

@inproceedings{kumar2003discriminative,
	title={Discriminative random fields: A discriminative framework for contextual interaction in classification},
	author={Kumar, Sanjiv and Hebert, Martial},
	booktitle={Computer Vision, 2003. Proceedings. Ninth IEEE International Conference on},
	pages={1150--1157},
	year={2003},
	organization={IEEE}
}

@inproceedings{szummer2008learning,
	title={Learning CRFs using graph cuts},
	author={Szummer, Martin and Kohli, Pushmeet and Hoiem, Derek},
	booktitle={European conference on computer vision},
	pages={582--595},
	year={2008},
	organization={Springer}
}

@inproceedings{mcintosh2007single,
	title={Is a single energy functional sufficient? Adaptive energy functionals and automatic initialization},
	author={McIntosh, Chris and Hamarneh, Ghassan},
	booktitle={International Conference on Medical Image Computing and Computer-Assisted Intervention},
	pages={503--510},
	year={2007},
	organization={Springer}
}

@article{schultz2013open,
	title={Open-box spectral clustering: applications to medical image analysis},
	author={Schultz, Thomas and Kindlmann, Gordon L},
	journal={IEEE Transactions on Visualization and Computer Graphics},
	volume={19},
	number={12},
	pages={2100--2108},
	year={2013},
	publisher={IEEE}
}

@article{giunta2002use,
	title={Use of data sampling, surrogate models, and numerical optimization in engineering design},
	author={Giunta, Anthony A},
	journal={AIAA paper},
	volume={538},
	pages={2002},
	year={2002}
}